@online{sequence-points-in-C,
 author = {Microsoft Developer Network},
  title = {C Sequence Points},
  url = {https://msdn.microsoft.com/en-us/library/azk8zbxd.aspx},
  urldate = {2018-10-24}
}

@INPROCEEDINGS{pmac,
    author = {Mustafa M. Tikir and Michael Laurenzano and Laura Carrington and Allan Snavely},
    title = {A.: PMaC Binary Instrumentation Library for PowerPC/AIX},
    booktitle = {In: Workshop on Binary Instrumentation and Applications},
    year = {2006}
}

@inproceedings{pinarm,
 author = {Hazelwood, Kim and Klauser, Artur},
 title = {A Dynamic Binary Instrumentation Engine for the ARM Architecture},
 booktitle = {Proceedings of the 2006 International Conference on Compilers, Architecture and Synthesis for Embedded Systems},
 series = {CASES '06},
 year = {2006},
 isbn = {1-59593-543-6},
 location = {Seoul, Korea},
 pages = {261--270},
 numpages = {10},
 doi = {10.1145/1176760.1176793},
 acmid = {1176793},
 publisher = {ACM},
 address = {New York, NY, USA},
 keywords = {binary instrumentation, dynamic translation, embedded architectures, pin},
} 


@article{taumrnet,
author = {Nataraj, Aroon and Malony, Allen and Morris, Alan and C. Arnold, Dorian and Miller, Barton},
year = {2009},
month = {01},
pages = {720-735},
title = {A Framework for Scalable, Parallel performance Monitoring},
volume = {22},
booktitle = {Concurrency and Computation: Practice and Experience}
}

@article{hpcdoe,
  author    = {Ganesh Gopalakrishnan and
               Paul D. Hovland and
               Costin Iancu and
               Sriram Krishnamoorthy and
               Ignacio Laguna and
               Richard A. Lethin and
               Koushik Sen and
               Stephen F. Siegel and
               Armando Solar{-}Lezama},
  title     = {Report of the {HPC} Correctness Summit, Jan 25-26, 2017, Washington,
               {DC}},
  journal   = {CoRR},
  volume    = {abs/1705.07478},
  year      = {2017},
  url       = {http://arxiv.org/abs/1705.07478},
  archivePrefix = {arXiv},
  eprint    = {1705.07478},
  timestamp = {Wed, 07 Jun 2017 14:42:35 +0200},
  biburl    = {http://dblp.org/rec/bib/journals/corr/GopalakrishnanH17},
  bibsource = {dblp computer science bibliography, http://dblp.org}
}


@INPROCEEDINGS{ilcs, 
author={M. Burtscher and H. Rabeti}, 
booktitle={2013 IEEE 27th International Symposium on Parallel and Distributed Processing}, 
title={A Scalable Heterogeneous Parallelization Framework for Iterative Local Searches}, 
year={2013}, 
volume={}, 
number={}, 
pages={1289-1298}, 
keywords={finite state machines;graphics processing units;iterative methods;mathematics computing;parallel processing;search problems;travelling salesman problems;FSM;Keeneland;MPI;OpenMP;Ranger;Stampede;finite-state machine;heterogeneous HPC platform;heuristic iterative hill-climbing TSP solver;iterative local search;multiGPU support;program termination;scalable heterogeneous parallelization framework;seed distribution;serial CPU;single-GPU code;supercomputer;Central Processing Unit;Cities and towns;Data structures;Graphics processing units;Instruction sets;Optimization;Supercomputers;heterogeneous CPU/GPU computing;iterative local champion search;parallelization framework}, 
doi={10.1109/IPDPS.2013.27}, 
ISSN={1530-2075}, 
month={May},}


@INPROCEEDINGS{cbb, 
author={P. Ratanaworabhan and M. Burtscher}, 
booktitle={ISPASS 2008 - IEEE International Symposium on Performance Analysis of Systems and software}, 
title={Program Phase Detection based on Critical Basic Block Transitions}, 
year={2008}, 
volume={}, 
number={}, 
pages={11-21}, 
keywords={cache storage;digital simulation;software architecture;L1 data cache;SimPoint method;cache reconfiguration schemes;critical basic block transitions;lightweight profile-based phase detection technique;phase change decision;program phase detection;program phase simulation;Computational modeling;Computer architecture;Distributed computing;Energy consumption;Grid computing;Intrusion detection;Laboratories;Performance loss;Phase detection;Stability}, 
doi={10.1109/ISPASS.2008.4510734}, 
ISSN={}, 
month={April},}


@article{clconst,
author = {Robert Godin and Rokia Missaoui and Hassan Alaoui},
title = {INCREMENTAL CONCEPT FORMATION ALGORITHMS BASED ON GALOIS (CONCEPT) LATTICES},
journal = {Computational Intelligence},
volume = {11},
number = {2},
pages = {246-267},
keywords = {concept lattice, Galois lattice, conceptual clustering, incremental algorithm, concept formation}
}


@book{clbook,
 author = {Ganter, Bernhard and Wille, Rudolf},
 title = {Formal Concept Analysis: Mathematical Foundations},
 year = {1997},
 isbn = {3540627715},
 edition = {1st},
 publisher = {Springer-Verlag New York, Inc.},
 address = {Secaucus, NJ, USA},
} 

@inproceedings{comet,
 author = {Strande, Shawn M. and Cai, Haisong and Cooper, Trevor and Flammer, Karen and Irving, Christopher and von Laszewski, Gregor and Majumdar, Amit and Mishin, Dmistry and Papadopoulos, Philip and Pfeiffer, Wayne and Sinkovits, Robert S. and Tatineni, Mahidhar and Wagner, Rick and Wang, Fugang and Wilkins-Diehr, Nancy and Wolter, Nicole and Norman, Michael L.},
 title = {Comet: Tales from the Long Tail: Two Years In and 10,000 Users Later},
 booktitle = {Proceedings of the Practice and Experience in Advanced Research Computing 2017 on Sustainability, Success and Impact},
 series = {PEARC17},
 year = {2017},
 isbn = {978-1-4503-5272-7},
 location = {New Orleans, LA, USA},
 pages = {38:1--38:7},
 articleno = {38},
 numpages = {7},
 url = {http://doi.acm.org/10.1145/3093338.3093383},
 doi = {10.1145/3093338.3093383},
 acmid = {3093383},
 publisher = {ACM},
 address = {New York, NY, USA},
} 



@article{dyninst,
  author    = {Barton P. Miller and
               Mark D. Callaghan and
               Jonathan M. Cargille and
               Jeffrey K. Hollingsworth and
               R. Bruce Irvin and
               Karen L. Karavanic and
               Krishna Kunchithapadam and
               Tia Newhall},
  title     = {The Paradyn Parallel Performance Measurement Tool},
  journal   = {{IEEE} Computer},
  volume    = {28},
  number    = {11},
  pages     = {37--46},
  year      = {1995},
  url       = {https://doi.org/10.1109/2.471178},
  doi       = {10.1109/2.471178},
  timestamp = {Wed, 17 May 2017 10:56:48 +0200},
  biburl    = {http://dblp.org/rec/bib/journals/computer/MillerCCHIKKN95},
  bibsource = {dblp computer science bibliography, http://dblp.org}
}

@inproceedings{tbon,
 author = {Hilbrich, Tobias and de Supinski, Bronis R. and H\"{a}nsel, Fabian and M\"{u}ller, Matthias S. and Schulz, Martin and Nagel, Wolfgang E.},
 title = {Runtime MPI Collective Checking with Tree-based Overlay Networks},
 booktitle = {Proceedings of the 20th European MPI Users' Group Meeting},
 series = {EuroMPI '13},
 year = {2013},
 isbn = {978-1-4503-1903-4},
 location = {Madrid, Spain},
 pages = {129--134},
 numpages = {6},
 url = {http://doi.acm.org/10.1145/2488551.2488570},
 doi = {10.1145/2488551.2488570},
 acmid = {2488570},
 publisher = {ACM},
 address = {New York, NY, USA},
 keywords = {MPI collectives, correctness, tree-based overlay networks},
}

@article{openss,
  author    = {Martin Schulz and
               Jim Galarowicz and
               Don Maghrak and
               William Hachfeld and
               David Montoya and
               Scott Cranford},
  title     = {Open {\(\vert\)} SpeedShop: An open source infrastructure for parallel
               performance analysis},
  journal   = {Scientific Programming},
  volume    = {16},
  number    = {2-3},
  pages     = {105--121},
  year      = {2008},
  url       = {https://doi.org/10.3233/SPR-2008-0256},
  doi       = {10.3233/SPR-2008-0256},
  timestamp = {Sun, 28 May 2017 13:22:10 +0200},
  biburl    = {http://dblp.org/rec/bib/journals/sp/SchulzGMHMC08},
  bibsource = {dblp computer science bibliography, http://dblp.org}
}


@INPROCEEDINGS{Cluster15, 
author={A. Yang and H. Mukka and F. Hesaaraki and M. Burtscher}, 
booktitle={2015 IEEE International Conference on Cluster Computing}, 
title={MPC: A Massively Parallel Compression Algorithm for Scientific Data}, 
year={2015}, 
volume={}, 
number={}, 
pages={381-389}, 
keywords={data compression;floating point arithmetic;parallel processing;MPC algorithm;floating-point value;lossless compression algorithm;massively parallel compression algorithm;scientific data;Algorithm design and analysis;Compression algorithms;Compressors;Data models;Graphics processing units;Message systems;Prediction algorithms;GPUs;Lossless data compression;algorithm design;floating-point compres-sion;massively parallel architectures}, 
doi={10.1109/CLUSTER.2015.59}, 
ISSN={1552-5244}, 
month={Sept},}



@inbook{Space16,
	Author = {Coplin, Jared R. and Yang, Annie and Poppe, Andrew R. and Burtscher, Martin},
	Booktitle = {AIAA SPACE 2016},
	Date-Added = {2018-01-23 22:14:52 +0000},
	Date-Modified = {2018-01-23 22:14:52 +0000},
	Doi = {doi:10.2514/6.2016-5401},
	M1 = {0},
	M3 = {doi:10.2514/6.2016-5401},
	Month = {2018/01/23},
	Publisher = {American Institute of Aeronautics and Astronautics},
	Title = {Increasing Telemetry Throughput Using Customized and Adaptive Data Compression},
	Title1 = {AIAA SPACE Forum},
	Ty = {CHAP},
	Url = {https://doi.org/10.2514/6.2016-5401},
	Year = {2016},
	Year1 = {2016/09/09},
}


@INPROCEEDINGS{SC16, 
author={M. Burtscher and H. Mukka and A. Yang and F. Hesaaraki}, 
booktitle={SC16: International Conference for High Performance Computing, Networking, Storage and Analysis}, 
title={Real-Time Synthesis of Compression Algorithms for Scientific Data}, 
year={2016}, 
volume={}, 
number={}, 
pages={264-275}, 
keywords={data compression;real-time systems;FPcrush;OpenMP;compression algorithms;floating-point data;real-time synthesis;scientific data;storage requirement;Approximation algorithms;Compression algorithms;Data compression;Data models;Genetic algorithms;Throughput;Transforms;data compression;real-time algorithm synthesis}, 
doi={10.1109/SC.2016.22}, 
ISSN={}, 
month={Nov},
}


@inproceedings{vampirt,
 author = {Jurenz, Matthias and Brendel, Ronny and Knupfer, Andreas and Muller, Matthias and Nagel, Wolfgang E.},
 title = {Memory Allocation Tracing with VampirTrace},
 booktitle = {Proceedings of the 7th International Conference on Computational Science Part II},
 series = {ICCS '07},
 year = {2007},
 isbn = {978-3-540-72585-5},
 location = {Beijing, China},
 pages = {839--846},
 numpages = {8},
 doi = {10.1007/978-3-540-72586-2_118},
 acmid = {1418277},
 publisher = {Springer-Verlag},
 address = {Berlin, Heidelberg},
 keywords = {Memory Allocation, Performance Analysis, Tracing},
}


@INPROCEEDINGS{memcheck,
 author = {Nethercote, N. and Seward, J.},
 title = {How to Shadow Every Byte of Memory Used by a Program},
 booktitle = {Proceedings of the 3rd International Conference on Virtual Execution Environments},
 series = {VEE '07},
 year = {2007},
 isbn = {978-1-59593-630-1},
 location = {San Diego, California, USA},
 pages = {65--74},
 numpages = {10},
 acmid = {1254820},
 publisher = {ACM},
 address = {New York, NY, USA},
} 


@InProceedings{cstg,
  author =    "D.C.B. de Oliveira and A. Humphrey and Q. Meng and
              Z. Rakamaric and M. Berzins and G.
              Gopalakrishnan",
  title =     "Systematic Debugging of Concurrent Systems Using
              Coalesced Stack Trace Graphs",
  booktitle = "Proceedings of the 27th International Workshop on
              Languages and Compilers for Parallel Computing
              ({LCPC})",
  year =      "2014",
  month =     "September",
  url =       "http://www.sci.utah.edu/publications/Oli2014a/OliveiraLCPC2014.pdf",
}




@inproceedings{stat,
  author    = {Dorian C. Arnold and
               Dong H. Ahn and
               Bronis R. de Supinski and
               Gregory L. Lee and
               Barton P. Miller and
               Martin Schulz},
  title     = {Stack Trace Analysis for Large Scale Debugging},
  booktitle = {Proceedings of the International Parallel and Distributed Processing Symposium (IPDPS)},
  year      = {2007},
  pages     = {1--10},
}



@article{tau,
 author = {Shende, Sameer S. and Malony, Allen D.},
 title = {The {Tau} Parallel Performance System},
 journal = {International Journal on High Performance Computer Applications},
 volume = {20},
 issue = {2},
 month = {May},
 year = {2006},
 issn = {1094-3420},
 pages = {287--311},
 numpages = {25},
 url = {http://portal.acm.org/citation.cfm?id=1125980.1125982},
 doi = {10.1177/1094342006064482},
 acmid = {1125982},
 publisher = {Sage Publications, Inc.},
 address = {Thousand Oaks, CA, USA},
 }



@inproceedings{scorep,
  author    = {Andreas Kn{\"{u}}pfer and
               Christian R{\"{o}}ssel and
               Dieter an Mey and
               Scott Biersdorff and
               Kai Diethelm and
               Dominic Eschweiler and
               Markus Geimer and
               Michael Gerndt and
               Daniel Lorenz and
               Allen D. Malony and
               Wolfgang E. Nagel and
               Yury Oleynik and
               Peter Philippen and
               Pavel Saviankou and
               Dirk Schmidl and
               Sameer Shende and
               Ronny Tsch{\"{u}}ter and
               Michael Wagner and
               Bert Wesarg and
               Felix Wolf},
  title     = {Score-P: {A} Joint Performance Measurement Run-Time Infrastructure
               for Periscope, Scalasca, TAU, and Vampir},
  booktitle = {Tools for High Performance Computing 2011 - Proceedings of the 5th
               International Workshop on Parallel Tools for High Performance Computing,
               ZIH, Dresden, September 2011},
  pages     = {79--91},
  year      = {2011},
  timestamp = {Fri, 26 May 2017 00:49:33 +0200},
  biburl    = {http://dblp.org/rec/bib/conf/ptw/KnupferRMBDEGGLMNOPSSSTWWW11},
  bibsource = {dblp computer science bibliography, http://dblp.org}
}



@article{valgrind,
  author    = {Nicholas Nethercote and
               Julian Seward},
  title     = {Valgrind: {A} Program Supervision Framework},
  journal   = {Electr. Notes Theor. Comput. Sci.},
  volume    = {89},
  number    = {2},
  pages     = {44--66},
  year      = {2003},
  url       = {https://doi.org/10.1016/S1571-0661(04)81042-9},
  doi       = {10.1016/S1571-0661(04)81042-9},
  timestamp = {Sun, 28 May 2017 13:22:57 +0200},
  biburl    = {http://dblp.org/rec/bib/journals/entcs/NethercoteS03},
  bibsource = {dblp computer science bibliography, http://dblp.org}
}


@inproceedings{callgrind,
  author    = {Josef Weidendorfer},
  title     = {Sequential Performance Analysis with Callgrind and KCachegrind},
  booktitle = {Tools for High Performance Computing - Proceedings of the 2nd International
               Workshop on Parallel Tools for High Performance Computing, July 2008,
               HLRS, Stuttgart},
  pages     = {93--113},
  year      = {2008},
  doi       = {10.1007/978-3-540-68564-7_7},
  timestamp = {Fri, 26 May 2017 00:49:33 +0200},
  biburl    = {http://dblp.org/rec/bib/conf/ptw/Weidendorfer08},
  bibsource = {dblp computer science bibliography, http://dblp.org}
}



@inproceedings{automaded,
  author = {Bronevetsky, G. and Laguna, I. and Bagchi, S. and de Supinski, B.R. and Ahn, D.H. and Schulz, M.},
  booktitle = {Proceedings of the IEEE/IFIP International Conference on Dependable Systems and Networks (DSN)},
  title = {{AutomaDeD}: Automata-Based Debugging for Dissimilar Parallel Tasks},
  year={2010},
  pages={231--240},
}


@article{hpc-toolkit,
  author = {Adhianto, L. and Banerjee, S. and Fagan, M. and Krentel, M. and Marin, G. and Mellor-Crummey, J. and Tallent, N. R.},
  title = {{HPCToolkit}: Tools for Performance Analysis of Optimized Parallel Programs},
  journal = {Concurrency and Computation: Practice and Experience},
  volume = {22},
  number = {6},
  pages = {685--701},
  year = {2010},
}


@inproceedings{pin,
 author = {Luk, Chi-Keung and Cohn, Robert and Muth, Robert and Patil, Harish and Klauser, Artur and Lowney, Geoff and Wallace, Steven and Reddi, Vijay Janapa and Hazelwood, Kim},
 title = {Pin: Building Customized Program Analysis Tools with Dynamic Instrumentation},
 booktitle = {Proceedings of the 2005 ACM SIGPLAN Conference on Programming Language Design and Implementation},
 series = {PLDI '05},
 year = {2005},
 isbn = {1-59593-056-6},
 location = {Chicago, IL, USA},
 pages = {190--200},
 numpages = {11},
 doi = {10.1145/1065010.1065034},
 acmid = {1065034},
 publisher = {ACM},
 address = {New York, NY, USA},
 keywords = {dynamic compilation, instrumentation, program analysis tools},
} 


@inproceedings{ipm,
  author    = {Karl F{\"{u}}rlinger and
               Nicholas J. Wright and
               David Skinner},
  title     = {Performance Analysis and Workload Characterization with {IPM}},
  booktitle = {Tools for High Performance Computing 2009 - Proceedings of the 3rd
               International Workshop on Parallel Tools for High Performance Computing,
               September 2009, ZIH, Dresden},
  pages     = {31--38},
  year      = {2009},
  doi       = {10.1007/978-3-642-11261-4_3},
  timestamp = {Fri, 26 May 2017 00:49:33 +0200},
  biburl    = {http://dblp.org/rec/bib/conf/ptw/FurlingerWS09},
}



@article{eventflowgraph,
title = "Online MPI Trace Compression Using Event Flow Graphs and Wavelets",
journal = "Procedia Computer Science",
volume = "80",
number = "Supplement C",
pages = "1497 - 1506",
year = "2016",
note = "International Conference on Computational Science 2016, ICCS 2016, 6-8 June 2016, San Diego, California, USA",
issn = "1877-0509",
doi = "https://doi.org/10.1016/j.procs.2016.05.471",
author = "Xavier Aguilar and Karl Fürlinger and Erwin Laure",
keywords = "MPI performance monitoring",
keywords = "event flow graphs",
keywords = "trace compression",
keywords = "wavelets",
keywords = "EZW coding"
}

@article{scalatrace,
title = "ScalaTrace: Scalable compression and replay of communication traces for high-performance computing",
journal = "Journal of Parallel and Distributed Computing",
volume = "69",
number = "8",
pages = "696 - 710",
year = "2009",
note = "Best Paper Awards: 21st International Parallel and Distributed Processing Symposium (IPDPS 2007)",
issn = "0743-7315",
doi = "https://doi.org/10.1016/j.jpdc.2008.09.001",
author = "Michael Noeth and Prasun Ratn and Frank Mueller and Martin Schulz and Bronis R. de Supinski",
keywords = "High-performance computing",
keywords = "Scalability",
keywords = "Communication tracing"
}


@Inbook{freitag,
author="Freitag, Felix
and Caubet, Jordi
and Labarta, Jesus",
editor="Monien, Burkhard
and Feldmann, Rainer",
title="On the Scalability of Tracing Mechanisms",
bookTitle="Euro-Par 2002 Parallel Processing: 8th International Euro-Par Conference Paderborn, Germany, August 27--30, 2002 Proceedings",
year="2002",
publisher="Springer Berlin Heidelberg",
address="Berlin, Heidelberg",
pages="97--104",
isbn="978-3-540-45706-0",
doi="10.1007/3-540-45706-2_10",
}

@online{pinurl,
  author = {Intel},
  title = {Pin, A Dynamic Binary Instrumentation},
  url = {https://software.intel.com/en-us/articles/pin-a-dynamic-binary-instrumentation-tool},
  urldate = {2017-10-22}
}

@inproceedings{prodometer,
 author = {Mitra, Subrata and Laguna, Ignacio and Ahn, Dong H. and Bagchi, Saurabh and Schulz, Martin and Gamblin, Todd},
 title = {Accurate Application Progress Analysis for Large-scale Parallel Debugging},
 booktitle = {Proceedings of the 35th ACM SIGPLAN Conference on Programming Language Design and Implementation},
 series = {PLDI '14},
 year = {2014},
 isbn = {978-1-4503-2784-8},
 location = {Edinburgh, United Kingdom},
 pages = {193--203},
 numpages = {11},
 url = {http://doi.acm.org/10.1145/2594291.2594336},
 doi = {10.1145/2594291.2594336},
 acmid = {2594336},
 publisher = {ACM},
 address = {New York, NY, USA},
 keywords = {MPI, dynamic analysis, high-performance computing, parallel debugging},
} 

@online{ddt,
  author = {Allinea, Arm},
  title = {Allinea DDT},
  url = {https://www.allinea.com/products/ddt},
  urldate = {2017-10-22}
}

@inproceedings{nas,
 author = {Bailey, D. H. and Barszcz, E. and Barton, J. T. and Browning, D. S. and Carter, R. L. and Dagum, L. and Fatoohi, R. A. and Frederickson, P. O. and Lasinski, T. A. and Schreiber, R. S. and Simon, H. D. and Venkatakrishnan, V. and Weeratunga, S. K.},
 title = {The NAS Parallel Benchmarks\&Mdash;Summary and Preliminary Results},
 booktitle = {Proceedings of the 1991 ACM/IEEE Conference on Supercomputing},
 series = {Supercomputing '91},
 year = {1991},
 isbn = {0-89791-459-7},
 location = {Albuquerque, New Mexico, USA},
 pages = {158--165},
 numpages = {8},
 doi = {10.1145/125826.125925},
 acmid = {125925},
 publisher = {ACM},
 address = {New York, NY, USA},
} 


@online{tacc,
 author = {University of Texas at Austin, TACC},
  title = {TACC Stampede},
  url = {hhttp://www.tacc.utexas.edu},
  urldate = {2017-10-22}
}





@INPROCEEDINGS{archer, 
author={S. Atzeni and G. Gopalakrishnan and Z. Rakamaric and D. H. Ahn and I. Laguna and M. Schulz and G. L. Lee and J. Protze and M. S. Müller}, 
booktitle={2016 IEEE International Parallel and Distributed Processing Symposium (IPDPS)}, 
title={ARCHER: Effectively Spotting Data Races in Large OpenMP Applications}, 
year={2016}, 
volume={}, 
number={}, 
pages={53-62}, 
keywords={application program interfaces;parallel processing;program diagnostics;ARCHER;HPC;OpenMP application;data race checker;dynamic analysis;high performance computing;static analysis;structured parallelism;Benchmark testing;Instruments;Parallel processing;Runtime;Scalability;Synchronization;Xenon;OpenMP;data race detection;dynamic analysis;high performance computing;static analysis}, 
doi={10.1109/IPDPS.2016.68}, 
ISSN={1530-2075}, 
month={May}
}



@INPROCEEDINGS{mrnet, 
author={P. C. Roth and D. C. Arnold and B. P. Miller}, 
booktitle={Supercomputing, 2003 ACM/IEEE Conference}, 
title={MRNet: A Software-Based Multicast/Reduction Network for Scalable Tools}, 
year={2003}, 
volume={}, 
number={}, 
pages={21-21}, 
keywords={Scalability;aggregation;multicast;reduction;tools;Biological system modeling;Computational efficiency;Computational modeling;Costs;Data analysis;Delay;Process control;Scalability;Throughput;User interfaces;Scalability;aggregation;multicast;reduction;tools}, 
doi={10.1145/1048935.1050172}, 
ISSN={}, 
month={Nov},}


@article{mantevo,
  title={Improving performance via mini-applications},
  author={Heroux, Michael A and Doerfler, Douglas W and Crozier, Paul S and Willenbring, James M and Edwards, H Carter and Williams, Alan and Rajan, Mahesh and Keiter, Eric R and Thornquist, Heidi K and Numrich, Robert W},
  journal={Sandia National Laboratories, Tech. Rep. SAND2009-5574},
  volume={3},
  year={2009}
}


@article{lz,
author = {Ziv, J. and Lempel, A.},
title = {A Universal Algorithm for Sequential Data Compression},
journal = {IEEE Trans. Inf. Theor.},
issue_date = {May 1977},
volume = {23},
number = {3},
month = sep,
year = {2006},
issn = {0018-9448},
pages = {337--343},
numpages = {7},
doi = {10.1109/TIT.1977.1055714},
acmid = {2269180},
publisher = {IEEE Press},
address = {Piscataway, NJ, USA},
}


@inproceedings{DCC18,
author = {S. Claggett and S. Azimi and M. Burtscher},
title = {{SPDP: An Automatically Synthesized Lossless Compression Algorithm for Floating-Point Data}},
booktitle = {2018 Data Compression Conference},
year = {2018},
}



@article{Ziv:2006:UAS:2263324.2269180,
 author = {Ziv, J. and Lempel, A.},
 title = {A Universal Algorithm for Sequential Data Compression},
 journal = {IEEE Trans. Inf. Theor.},
 issue_date = {May 1977},
 volume = {23},
 number = {3},
 month = sep,
 year = {2006},
 issn = {0018-9448},
 pages = {337--343},
 numpages = {7},
 url = {http://dx.doi.org/10.1109/TIT.1977.1055714},
 doi = {10.1109/TIT.1977.1055714},
 acmid = {2269180},
 publisher = {IEEE Press},
 address = {Piscataway, NJ, USA},
}

@INPROCEEDINGS{mb-cluster15,
author={A. Yang and H. Mukka and F. Hesaaraki and M. Burtscher},
booktitle={2015 IEEE International Conference on Cluster Computing},
title={{MPC}: A Massively Parallel Compression Algorithm for Scientific Data},
year={2015},
pages={381-389},
keywords={data compression;floating point arithmetic;parallel processing;MPC algorithm;floating-point value;lossless compression algorithm;massively parallel compression algorithm;scientific data;Algorithm design and analysis;Compression algorithms;Compressors;Data models;Graphics processing units;Message systems;Prediction algorithms;GPUs;Lossless data compression;algorithm design;floating-point compres-sion;massively parallel architectures},
doi={10.1109/CLUSTER.2015.59},
ISSN={1552-5244},
month={Sept},}

@inproceedings{mb-space16,
 author = {J. Coplin and A. Yang and A. Poppe and M. Burtscher},
 title = {{Increasing Telemetry Throughput Using Customized and Adaptive Data Compression}},
 booktitle = {{AIAA SPACE and Astronautics Forum and Exposition}},
 year = {2016},
}

@inproceedings{mb-sc16,
 author = {Burtscher, Martin and Mukka, Hari and Yang, Annie and Hesaaraki, Farbod},
 title = {Real-time Synthesis of Compression Algorithms for Scientific Data},
 booktitle = {Proceedings of the International Conference for High Performance Computing, Networking, Storage and Analysis},
 series = {SC '16},
 year = {2016},
 isbn = {978-1-4673-8815-3},
 location = {Salt Lake City, Utah},
 pages = {23:1--23:12},
 articleno = {23},
 numpages = {12},
 url = {http://dl.acm.org/citation.cfm?id=3014904.3014935},
 acmid = {3014935},
 publisher = {IEEE Press},
 address = {Piscataway, NJ, USA},
 keywords = {data compression, real-time algorithm synthesis},
}

@inproceedings{mb-dcc18,
 author = {S. Claggett and S. Azimi and M. Burtscher},
 title = {{SPDP: An Automatically Synthesized Lossless Compression Algorithm for Floating-Point Data}},
 booktitle = {2018 Data Compression Conference},
 year = {2018},
}


@article{aguilar,
title = "Online MPI Trace Compression Using Event Flow Graphs and Wavelets",
journal = "Procedia Computer Science",
volume = "80",
pages = "1497 - 1506",
year = "2016",
note = "International Conference on Computational Science 2016, ICCS 2016, 6-8 June 2016, San Diego, California, USA",
issn = "1877-0509",
doi = "https://doi.org/10.1016/j.procs.2016.05.471",
url = "http://www.sciencedirect.com/science/article/pii/S1877050916309565",
author = "Xavier Aguilar and Karl Fürlinger and Erwin Laure",
keywords = "MPI performance monitoring, event flow graphs, trace compression, wavelets, EZW coding"
}


@inproceedings{gamblinNami,
 author={T. Gamblin and B. R. de Supinski and M. Schulz and R. Fowler and D. A. Reed}, 
booktitle={SC '08: Proceedings of the 2008 ACM/IEEE Conference on Supercomputing}, 
title={Scalable load-balance measurement for SPMD codes}, 
year={2008}, 
volume={}, 
number={}, 
pages={1-12}, 
keywords={distributed memory systems;parallel algorithms;parallel programming;resource allocation;wavelet transforms;scalable load-balance measurement;single program multiple data;SPMD code;parallel system;storage capacity;I/O bandwidth;parallel wavelet transform;parallel encoding method;large-scale distributed-memory parallel computer;Large-scale systems;Monitoring;Encoding;Production;Laboratories;Adaptive algorithm;Memory;Time varying systems;Volume measurement;Signal processing}, 
doi={10.1109/SC.2008.5222553}, 
ISSN={2167-4329}, 
month={Nov},}

@inproceedings{mohror,
 author = {Mohror, Kathryn and Karavanic, Karen L.},
 title = {Evaluating Similarity-based Trace Reduction Techniques for Scalable Performance Analysis},
 booktitle = {Proceedings of the Conference on High Performance Computing Networking, Storage and Analysis},
 series = {SC '09},
 year = {2009},
 isbn = {978-1-60558-744-8},
 location = {Portland, Oregon},
 pages = {55:1--55:12},
 articleno = {55},
 numpages = {12},
 url = {http://doi.acm.org/10.1145/1654059.1654115},
 doi = {10.1145/1654059.1654115},
 acmid = {1654115},
 publisher = {ACM},
 address = {New York, NY, USA},
} 

@IEEEtranBSTCTL{IEEEexample:BSTcontrol,
  CTLdash_repeated_names = "no"
}


